<record><leader>00000cas a22000007a 4500</leader><controlfield tag="001">14090014</controlfield><controlfield tag="008">860814d1883188uwvuwr ne      0    0eng d</controlfield><datafield ind1=" " ind2=" " tag="010"><subfield code="a">sn 86092567 </subfield></datafield><datafield ind1=" " ind2=" " tag="040"><subfield code="a">WVC</subfield><subfield code="b">eng</subfield><subfield code="c">WVC</subfield><subfield code="d">OCL</subfield><subfield code="d">OCLCQ</subfield></datafield><datafield ind1=" " ind2=" " tag="042"><subfield code="a">msc</subfield></datafield><datafield ind1="0" ind2=" " tag="130"><subfield code="a">Observer (Saint Marys, W. Va. : 1883)</subfield></datafield><datafield ind1="1" ind2="4" tag="245"><subfield code="a">The observer.</subfield></datafield><datafield ind1=" " ind2=" " tag="260"><subfield code="a">St. Marys, W. Va. :</subfield><subfield code="b">M[inos] P. Prettyman</subfield></datafield><datafield ind1=" " ind2=" " tag="300"><subfield code="a">v.</subfield></datafield><datafield ind1=" " ind2=" " tag="310"><subfield code="a">Weekly</subfield></datafield><datafield ind1="1" ind2=" " tag="362"><subfield code="a">Began in 1883.</subfield></datafield><datafield ind1=" " ind2=" " tag="500"><subfield code="a">Moved to New Martinsville, W. Va. in 1886.</subfield></datafield><datafield ind1=" " ind2=" " tag="580"><subfield code="a">Preceded by: Watchword (New Martinsville, W. Va.) (non-extant).</subfield></datafield><datafield ind1=" " ind2=" " tag="580"><subfield code="a">Succeeded by: New Era (New Martinsville, W. Va.) (non-extant).</subfield></datafield><datafield ind1=" " ind2=" " tag="588"><subfield code="a">Description based on: Vol. 7 (Sept. 18, 1885).</subfield></datafield><datafield ind1=" " ind2=" " tag="752"><subfield code="a">United States</subfield><subfield code="b">West Virginia</subfield><subfield code="c">Wetzel</subfield><subfield code="d">Saint Marys.</subfield></datafield><datafield ind1="1" ind2="0" tag="780"><subfield code="t">Watchword (New Martinsville, W. Va.)</subfield></datafield><datafield ind1="1" ind2="0" tag="785"><subfield code="t">New era (New Martinsville, W. Va.)</subfield></datafield></record>